@ARTICLE{KCN, 
author={D. {Zeng} and \textbf{H. {Zhang}}* and L. {Xiang} and J. {Wang} and G. {Ji}}, 
journal={IEEE Access}, 
title={User-Oriented Paraphrase Generation With Keywords Controlled Network}, 
year={2019}, 
volume={7}, 
number={}, 
pages={80542-80551}, 
keywords={interactive systems;natural language processing;neural nets;text analysis;vectors;user-oriented paraphrase generation;keywords controlled network;downstream tasks;natural language processing;human writing;KCN;assistant paraphrase generation tool;Sequence-to-Sequence framework;Seq2Seq;copy mechanism;source sentence;vector representations;interactive manner;Training;Writing;Syntactics;Decoding;Task analysis;Natural language processing;Tools;Copy mechanism;keyword;paraphrase generation;Seq2Seq}, 
doi={10.1109/ACCESS.2019.2923057}, 
ISSN={2169-3536}, 
month={},}